% `date` is publication date, `urldate` is access date (see http://tug.ctan.org/info/biblatex-cheatsheet/biblatex-cheatsheet.pdf)

% \cite{keyword-to-reference}
@online{keyword-to-reference,
    author      = "First Last and Another One",
    title       = "This Is The Title",
    url         = "https://www.google.com/",
    urldate     = "2020-08-24",
    date        = "2019-10-02"
}
